<?xml version="1.0" encoding="UTF-8" ?><marc:collection xmlns:marc="http://www.loc.gov/MARC21/slim" xmlns:xsi="http://www.w3.org/2001/XMLSchema-instance" xsi:schemaLocation="http://www.loc.gov/MARC21/slim http://www.loc.gov/standards/marcxml/schema/MARC21slim.xsd">
<marc:record><marc:leader>03566nam a2200433Ii 4500</marc:leader>
<marc:controlfield tag="001">b14383822</marc:controlfield>
<marc:controlfield tag="003">UaCaAUL</marc:controlfield><marc:controlfield tag="005">20170227033905.0</marc:controlfield><marc:controlfield tag="008">170227s1931    ua            000 0 ara d</marc:controlfield><marc:datafield tag="035" ind1=" " ind2=" "><marc:subfield code="a">(OCoLC)973879306</marc:subfield></marc:datafield><marc:datafield tag="040" ind1=" " ind2=" "><marc:subfield code="a">MEAUC</marc:subfield><marc:subfield code="b">eng</marc:subfield><marc:subfield code="e">rda</marc:subfield><marc:subfield code="c">MEAUC</marc:subfield></marc:datafield><marc:datafield tag="049" ind1=" " ind2=" "><marc:subfield code="a">MAIN</marc:subfield></marc:datafield><marc:datafield tag="050" ind1=" " ind2="4"><marc:subfield code="a">BP135.A3</marc:subfield><marc:subfield code="b">K55 1931</marc:subfield></marc:datafield><marc:datafield tag="066" ind1=" " ind2=" "><marc:subfield code="c">(3</marc:subfield></marc:datafield><marc:datafield tag="090" ind1=" " ind2=" "><marc:subfield code="a">BP135.A3</marc:subfield><marc:subfield code="b">K55 1931</marc:subfield></marc:datafield><marc:datafield tag="100" ind1="1" ind2=" "><marc:subfield code="6">880-01</marc:subfield><marc:subfield code="a">Khawlī, Muḥammad ʻAbd al-ʻAzīz,</marc:subfield><marc:subfield code="d">1892 or 1893-1930 or 1931.</marc:subfield></marc:datafield><marc:datafield tag="245" ind1="1" ind2="3"><marc:subfield code="6">880-02</marc:subfield><marc:subfield code="a">al-Adab al-nabawī :</marc:subfield><marc:subfield code="b">ʻiẓāt bālighah wa-ḥikam ʻālīyah wa-ādāb sāmiyah, mutakhayyarah min ḥadīth al-Rasūl ṣallá Allāh ʻalayhi wa-sallam, mashrūḥah sharḥan wāsiʻan yattaṣilu bi-al-ḥayāh al-ḥāḍirah /</marc:subfield><marc:subfield code="c">taʼlīf Muḥammad ʻAbd al-ʻAzīz al-Khawlī, ustādh al-sharīʻah al-Islāmīyah bi-Dār al-ʻUlūm wa-al-Qaḍāʼ al-Sharʻī.</marc:subfield></marc:datafield><marc:datafield tag="250" ind1=" " ind2=" "><marc:subfield code="6">880-03</marc:subfield><marc:subfield code="a">al-Ṭabʻah al-ūlá.</marc:subfield></marc:datafield><marc:datafield tag="264" ind1=" " ind2="1"><marc:subfield code="6">880-04</marc:subfield><marc:subfield code="a">Miṣr :</marc:subfield><marc:subfield code="b">yuṭlab min al-Maktabah al-Tijārīyah al-Kubrá bi-awwal shāriʻ Muḥammad ʻAlī bi-Miṣr li-ṣāḥibahā Muṣṭafá Muḥammad,</marc:subfield><marc:subfield code="c">1349 H., 1931 M.</marc:subfield></marc:datafield><marc:datafield tag="264" ind1=" " ind2="3"><marc:subfield code="6">880-05</marc:subfield><marc:subfield code="a">Miṣr :</marc:subfield><marc:subfield code="b">al-Maṭbaʻah al-Raḥmānīyah li-ṣāḥibahā ʻAbd al-Raḥmān Mūsá Sharīf,</marc:subfield><marc:subfield code="c">1349 H - 1931 M.</marc:subfield></marc:datafield><marc:datafield tag="300" ind1=" " ind2=" "><marc:subfield code="a">285 pages ;</marc:subfield><marc:subfield code="c">24 cm.</marc:subfield></marc:datafield><marc:datafield tag="336" ind1=" " ind2=" "><marc:subfield code="a">text</marc:subfield><marc:subfield code="b">txt</marc:subfield><marc:subfield code="2">rdacontent.</marc:subfield></marc:datafield><marc:datafield tag="337" ind1=" " ind2=" "><marc:subfield code="a">unmediated</marc:subfield><marc:subfield code="b">n</marc:subfield><marc:subfield code="2">rdamedia.</marc:subfield></marc:datafield><marc:datafield tag="338" ind1=" " ind2=" "><marc:subfield code="a">volume</marc:subfield><marc:subfield code="b">nc</marc:subfield><marc:subfield code="2">rdacarrier.</marc:subfield></marc:datafield><marc:datafield tag="500" ind1=" " ind2=" "><marc:subfield code="a">Haq iʻādat al-ṭabʻ lil-muʼallif.</marc:subfield></marc:datafield><marc:datafield tag="500" ind1=" " ind2=" "><marc:subfield code="6">880-06</marc:subfield><marc:subfield code="a">&quot;Mulāḥaẓah: lammā waṣala al-mūʼallif ilá ākhir ṣaḥīfat 192 min hādhā al-kitāb ikhtārahu Allāh ilá jiwārihi fa-tawaffá ilá raḥmati rabbihi yawm al-Thulāthāʼ 26 dhī al-Qiʻdah sanat 1349 al-muwāfiq 14 Abrīl sanat 1931, wa-qad akmal al-taʼlīf faḍīlat al-ustādh al-shaykh Muṣṭfá Khafājī ustādh al-shrīʻah bi-Madrasat Dār al-ʻUlūm. Wa-al-ḥamd lillāh awwalan wa-ākhiran&quot;--Page 279.</marc:subfield></marc:datafield><marc:datafield tag="650" ind1=" " ind2="0"><marc:subfield code="a">Hadith.</marc:subfield></marc:datafield><marc:datafield tag="700" ind1="1" ind2=" "><marc:subfield code="6">880-07</marc:subfield><marc:subfield code="a">Khafājī, Muṣṭfá.</marc:subfield></marc:datafield><marc:datafield tag="880" ind1="1" ind2="2"><marc:subfield code="6">245-02/(3/r</marc:subfield><marc:subfield code="a">الأدب النبوي :</marc:subfield><marc:subfield code="b">عظات بالغة وحكم عالية وآداب سامية، متخيرة من حديث الرسول صلى الله عليه وسلم، مشروحة شرحا واسعا يتصل بالحياة الحاضرة /</marc:subfield><marc:subfield code="c">تأليف محمد عبد العزيز الخولي أستاذ الشريعة الإسلامية بدار العلوم والقضاء الشرعي..</marc:subfield></marc:datafield><marc:datafield tag="880" ind1="1" ind2=" "><marc:subfield code="6">100-01/(3/r</marc:subfield><marc:subfield code="a">خولي، محمد عبد العزيز،</marc:subfield><marc:subfield code="d">1892 أو 1893-1930 أو 1931.</marc:subfield></marc:datafield><marc:datafield tag="880" ind1=" " ind2=" "><marc:subfield code="6">250-03/(3/r</marc:subfield><marc:subfield code="a">الطبعة الأولى..</marc:subfield></marc:datafield><marc:datafield tag="880" ind1=" " ind2="1"><marc:subfield code="6">264-04/(3/r</marc:subfield><marc:subfield code="a">مصر :</marc:subfield><marc:subfield code="b">يطلب من المكتبة التجارية الكبرى بأول شارع محمد علي بمصر لصاحبها مصطفى محمد،</marc:subfield><marc:subfield code="c">1399 ه.، 1931م..</marc:subfield></marc:datafield><marc:datafield tag="880" ind1=" " ind2="3"><marc:subfield code="6">264-05/(3/r</marc:subfield><marc:subfield code="a">مصر :</marc:subfield><marc:subfield code="b">لمطبعة الرحمانية لصاحبها عبد الرحمن موسى شريف،</marc:subfield><marc:subfield code="c">1349 ه.، 1931م..</marc:subfield></marc:datafield><marc:datafield tag="880" ind1=" " ind2=" "><marc:subfield code="6">500-06/(3/r</marc:subfield><marc:subfield code="a">&quot;ملاحظه: لما وصل المؤلف الى آخر صحيفة 192 من هذه الكتاب اختاره الله الى جواره فتوفى الى رحمة ربه يوم الثلاثاء 26 ذي القعدة سنة 1349 الموافق 14 اريل سنة 1931, وقد أكمل التأليف فضيلة الأستاذ الشيخ مصطفى خفاجي أستاذ الحمد لله اولا وآخرا.&quot;--Page 279.</marc:subfield></marc:datafield><marc:datafield tag="880" ind1="1" ind2=" "><marc:subfield code="6">700-07/(3/r</marc:subfield><marc:subfield code="a">خفاجى: مصطفى..</marc:subfield></marc:datafield><marc:datafield tag="907" ind1=" " ind2=" "><marc:subfield code="a">.b14383822</marc:subfield><marc:subfield code="b">main </marc:subfield></marc:datafield><marc:datafield tag="902" ind1=" " ind2=" "><marc:subfield code="a">170228</marc:subfield></marc:datafield><marc:datafield tag="998" ind1=" " ind2=" "><marc:subfield code="b">1</marc:subfield><marc:subfield code="c">071114</marc:subfield><marc:subfield code="d">m</marc:subfield><marc:subfield code="e">a</marc:subfield><marc:subfield code="f">-</marc:subfield><marc:subfield code="g">3</marc:subfield><marc:subfield code="k">TA</marc:subfield></marc:datafield><marc:datafield tag="945" ind1=" " ind2=" "><marc:subfield code="l">main </marc:subfield></marc:datafield></marc:record>
</marc:collection>
